<?xml version="1.0" encoding="UTF-8"?><collection xmlns="http://www.loc.gov/MARC21/slim"><record><leader>00404nam--2200169-i-4500</leader><controlfield tag="001">000006794</controlfield><controlfield tag="002">20161230</controlfield><controlfield tag="005">20161230201027</controlfield><controlfield tag="008">060222s1000------------r-----000-0-eng-d</controlfield><datafield ind1=" " ind2=" " tag="040"><subfield code="a">IFIN-HH</subfield></datafield><datafield ind1=" " ind2=" " tag="080"><subfield code="a">53</subfield></datafield><datafield ind1="1" ind2=" " tag="100"><subfield code="a">Born, Max</subfield></datafield><datafield ind1="1" ind2="0" tag="245"><subfield code="a">The restless universe</subfield><subfield code="c">Max born</subfield></datafield><datafield ind1=" " ind2=" " tag="260"><subfield code="a">New York</subfield><subfield code="b">Dover Publications</subfield><subfield code="c">1951</subfield></datafield><datafield ind1=" " ind2=" " tag="300"><subfield code="a">V+315P</subfield></datafield><datafield ind1=" " ind2=" " tag="852"><subfield code="a">10265</subfield><subfield code="c">53</subfield></datafield><datafield ind1=" " ind2=" " tag="CAT"><subfield code="a">Sys</subfield><subfield code="c">20150129</subfield><subfield code="h">210802</subfield></datafield></record></collection>